{
    "gold_per_floor": [
        114,
        114,
        114,
        114,
        5,
        5,
        5,
        5,
        30,
        68,
        87,
        106,
        144,
        163,
        163,
        288,
        288,
        307,
        307,
        332,
        160,
        35,
        35,
        65,
        65,
        90,
        105,
        120,
        150,
        180,
        30,
        30,
        130,
        130,
        145,
        145,
        160,
        190,
        15,
        45,
        75,
        105,
        180,
        224,
        239,
        239,
        269,
        284,
        284,
        284
    ],
    "floor_reached": 51,
    "playtime": 5284,
    "items_purged": [
        "Strike_R",
        "Strike_R",
        "Metamorphosis+1",
        "Strike_R",
        "Defend_R"
    ],
    "score": 1082,
    "play_id": "9452bf8e-e610-4d31-a480-846f8a24c7f6",
    "local_time": "20190129010231",
    "daily_mods": [
        "Allstar",
        "Flight",
        "DeadlyEvents"
    ],
    "is_ascension_mode": false,
    "campfire_choices": [
        {
            "data": "Dual Wield",
            "floor": 6,
            "key": "SMITH"
        },
        {
            "data": "Corruption",
            "floor": 7,
            "key": "SMITH"
        },
        {
            "data": "Metamorphosis",
            "floor": 8,
            "key": "SMITH"
        },
        {
            "floor": 15,
            "key": "REST"
        },
        {
            "data": "Dark Embrace",
            "floor": 23,
            "key": "SMITH"
        },
        {
            "data": "Dropkick",
            "floor": 25,
            "key": "SMITH"
        },
        {
            "data": "Master of Strategy",
            "floor": 32,
            "key": "SMITH"
        },
        {
            "floor": 49,
            "key": "DIG"
        }
    ],
    "neow_cost": "",
    "seed_source_timestamp": 0,
    "circlet_count": 0,
    "master_deck": [
        "Defend_R",
        "Defend_R",
        "Bash+1",
        "Finesse",
        "Madness",
        "Master of Strategy+1",
        "Enlightenment",
        "Corruption+1",
        "Dual Wield+1",
        "Dark Embrace+1",
        "Feel No Pain",
        "Shrug It Off",
        "Dropkick+1",
        "Flex+1",
        "Flex",
        "Flex",
        "Seeing Red+1",
        "Double Tap",
        "Purity",
        "Panache",
        "Impatience",
        "Flex",
        "Flex",
        "Warcry+1",
        "Warcry+1",
        "Parasite",
        "Inflame+1",
        "Seeing Red+1"
    ],
    "special_seed": 17925,
    "relics": [
        "Burning Blood",
        "Bloody Idol",
        "Oddly Smooth Stone",
        "Boot",
        "Turnip",
        "Orrery",
        "Red Mask",
        "Letter Opener",
        "Pen Nib",
        "Unceasing Top",
        "Centennial Puzzle",
        "Empty Cage",
        "Vajra",
        "Mummified Hand",
        "Smiling Mask",
        "Bag of Preparation",
        "Pantograph",
        "Shovel",
        "Pear",
        "Regal Pillow",
        "Whetstone"
    ],
    "potions_floor_usage": [
        48,
        48
    ],
    "damage_taken": [
        {
            "damage": 6,
            "enemies": "Jaw Worm",
            "floor": 1,
            "turns": 3
        },
        {
            "damage": 14,
            "enemies": "Lagavulin",
            "floor": 10,
            "turns": 5
        },
        {
            "damage": 0,
            "enemies": "Small Slimes",
            "floor": 11,
            "turns": 3
        },
        {
            "damage": 6,
            "enemies": "2 Louse",
            "floor": 12,
            "turns": 3
        },
        {
            "damage": 17,
            "enemies": "Gremlin Nob",
            "floor": 13,
            "turns": 4
        },
        {
            "damage": 4,
            "enemies": "Red Slaver",
            "floor": 14,
            "turns": 3
        },
        {
            "damage": 36,
            "enemies": "Hexaghost",
            "floor": 16,
            "turns": 7
        },
        {
            "damage": 11,
            "enemies": "Shell Parasite",
            "floor": 18,
            "turns": 4
        },
        {
            "damage": 29,
            "enemies": "Masked Bandits",
            "floor": 20,
            "turns": 3
        },
        {
            "damage": 0,
            "enemies": "Book of Stabbing",
            "floor": 24,
            "turns": 3
        },
        {
            "damage": 0,
            "enemies": "Spheric Guardian",
            "floor": 27,
            "turns": 2
        },
        {
            "damage": 0,
            "enemies": "Snake Plant",
            "floor": 28,
            "turns": 2
        },
        {
            "damage": 0,
            "enemies": "Gremlin Leader",
            "floor": 29,
            "turns": 3
        },
        {
            "damage": 19,
            "enemies": "Slavers",
            "floor": 30,
            "turns": 3
        },
        {
            "damage": 0,
            "enemies": "Collector",
            "floor": 33,
            "turns": 2
        },
        {
            "damage": 1,
            "enemies": "3 Shapes",
            "floor": 35,
            "turns": 3
        },
        {
            "damage": 5,
            "enemies": "3 Darklings",
            "floor": 37,
            "turns": 2
        },
        {
            "damage": 3,
            "enemies": "Nemesis",
            "floor": 38,
            "turns": 2
        },
        {
            "damage": 0,
            "enemies": "Giant Head",
            "floor": 40,
            "turns": 1
        },
        {
            "damage": 3,
            "enemies": "Nemesis",
            "floor": 41,
            "turns": 3
        },
        {
            "damage": 0,
            "enemies": "Giant Head",
            "floor": 42,
            "turns": 2
        },
        {
            "damage": 6,
            "enemies": "2 Orb Walkers",
            "floor": 44,
            "turns": 2
        },
        {
            "damage": 0,
            "enemies": "Writhing Mass",
            "floor": 45,
            "turns": 2
        },
        {
            "damage": 0,
            "enemies": "Nemesis",
            "floor": 47,
            "turns": 2
        },
        {
            "damage": 14,
            "enemies": "Jaw Worm Horde",
            "floor": 48,
            "turns": 3
        },
        {
            "damage": 29,
            "enemies": "Awakened One",
            "floor": 50,
            "turns": 4
        }
    ],
    "seed_played": "-7783971571703722258",
    "potions_obtained": [
        {
            "floor": 1,
            "key": "SpeedPotion"
        },
        {
            "floor": 10,
            "key": "Ancient Potion"
        },
        {
            "floor": 12,
            "key": "GamblersBrew"
        },
        {
            "floor": 27,
            "key": "AttackPotion"
        },
        {
            "floor": 37,
            "key": "SteroidPotion"
        },
        {
            "floor": 40,
            "key": "Swift Potion"
        },
        {
            "floor": 41,
            "key": "Swift Potion"
        }
    ],
    "is_trial": false,
    "path_per_floor": [
        "M",
        "?",
        "?",
        "?",
        "$",
        "R",
        "R",
        "R",
        "T",
        "E",
        "M",
        "M",
        "E",
        "M",
        "R",
        "B",
        null,
        "M",
        "?",
        "?",
        "$",
        "$",
        "R",
        "E",
        "R",
        "T",
        "M",
        "M",
        "E",
        "E",
        "$",
        "R",
        "B",
        null,
        "M",
        "?",
        "M",
        "E",
        "$",
        "E",
        "E",
        "E",
        "T",
        "?",
        "M",
        "T",
        "E",
        "M",
        "R",
        "B",
        null
    ],
    "character_chosen": "IRONCLAD",
    "items_purchased": [
        "Dual Wield",
        "Dropkick"
    ],
    "campfire_rested": 1,
    "item_purchase_floors": [
        5,
        21
    ],
    "current_hp_per_floor": [
        80,
        60,
        53,
        53,
        53,
        53,
        53,
        53,
        53,
        45,
        51,
        51,
        40,
        42,
        66,
        36,
        80,
        75,
        75,
        57,
        57,
        57,
        57,
        68,
        68,
        73,
        80,
        80,
        80,
        72,
        72,
        72,
        80,
        80,
        80,
        70,
        76,
        80,
        80,
        80,
        80,
        80,
        80,
        80,
        80,
        90,
        90,
        87,
        87,
        67
    ],
    "gold": 284,
    "neow_bonus": "",
    "is_prod": false,
    "is_daily": true,
    "chose_seed": false,
    "campfire_upgraded": 6,
    "win_rate": 0,
    "timestamp": 1548745351,
    "path_taken": [
        "M",
        "?",
        "?",
        "?",
        "$",
        "R",
        "R",
        "R",
        "T",
        "?",
        "M",
        "M",
        "?",
        "?",
        "R",
        "BOSS",
        "M",
        "?",
        "?",
        "?",
        "$",
        "R",
        "?",
        "R",
        "T",
        "M",
        "M",
        "E",
        "?",
        "$",
        "R",
        "BOSS",
        "M",
        "?",
        "?",
        "?",
        "$",
        "E",
        "E",
        "E",
        "T",
        "?",
        "?",
        "?",
        "E",
        "?",
        "R",
        "BOSS"
    ],
    "build_version": "2019-01-23",
    "purchased_purges": 5,
    "victory": true,
    "max_hp_per_floor": [
        80,
        80,
        80,
        80,
        80,
        80,
        80,
        80,
        80,
        80,
        80,
        80,
        80,
        80,
        80,
        80,
        80,
        80,
        80,
        80,
        80,
        80,
        80,
        80,
        80,
        80,
        80,
        80,
        80,
        80,
        80,
        80,
        80,
        80,
        80,
        80,
        80,
        80,
        80,
        80,
        80,
        80,
        80,
        80,
        80,
        90,
        90,
        90,
        90,
        90
    ],
    "card_choices": [
        {
            "not_picked": [
                "Uppercut",
                "Sentinel"
            ],
            "picked": "Corruption",
            "floor": 1
        },
        {
            "not_picked": [
                "Headbutt",
                "Perfected Strike",
                "Body Slam"
            ],
            "picked": "SKIP",
            "floor": 10
        },
        {
            "not_picked": [
                "Whirlwind",
                "Carnage",
                "Shrug It Off"
            ],
            "picked": "SKIP",
            "floor": 11
        },
        {
            "not_picked": [
                "Clash",
                "Rampage",
                "Iron Wave"
            ],
            "picked": "SKIP",
            "floor": 12
        },
        {
            "not_picked": [
                "Iron Wave",
                "Armaments",
                "Infernal Blade"
            ],
            "picked": "SKIP",
            "floor": 13
        },
        {
            "not_picked": [
                "Exhume",
                "Clash",
                "Seeing Red"
            ],
            "picked": "SKIP",
            "floor": 14
        },
        {
            "not_picked": [
                "Bludgeon",
                "Barricade"
            ],
            "picked": "Dark Embrace",
            "floor": 16
        },
        {
            "not_picked": [
                "Clash",
                "Flex"
            ],
            "picked": "Battle Trance",
            "floor": 17
        },
        {
            "not_picked": [
                "Bloodletting",
                "Infernal Blade"
            ],
            "picked": "Feel No Pain",
            "floor": 17
        },
        {
            "not_picked": [
                "Flame Barrier",
                "Body Slam"
            ],
            "picked": "Shrug It Off",
            "floor": 18
        },
        {
            "not_picked": [
                "Whirlwind",
                "Headbutt",
                "Sword Boomerang"
            ],
            "picked": "SKIP",
            "floor": 24
        },
        {
            "not_picked": [
                "Whirlwind",
                "Headbutt",
                "Sword Boomerang"
            ],
            "picked": "SKIP",
            "floor": 24
        },
        {
            "not_picked": [
                "Perfected Strike",
                "Pommel Strike"
            ],
            "picked": "Flex+1",
            "floor": 27
        },
        {
            "not_picked": [
                "Disarm",
                "Heavy Blade+1"
            ],
            "picked": "Flex",
            "floor": 28
        },
        {
            "not_picked": [
                "Exhume",
                "Twin Strike+1"
            ],
            "picked": "Flex",
            "floor": 29
        },
        {
            "not_picked": [
                "Sword Boomerang",
                "Iron Wave"
            ],
            "picked": "Seeing Red+1",
            "floor": 30
        },
        {
            "not_picked": [
                "Dark Embrace",
                "Demon Form"
            ],
            "picked": "Double Tap",
            "floor": 33
        },
        {
            "not_picked": [
                "Second Wind",
                "Havoc+1",
                "Sword Boomerang+1"
            ],
            "picked": "SKIP",
            "floor": 35
        },
        {
            "not_picked": [
                "Panacea",
                "Chrysalis"
            ],
            "picked": "Purity",
            "floor": 36
        },
        {
            "not_picked": [
                "Forethought",
                "Discovery"
            ],
            "picked": "Panache",
            "floor": 36
        },
        {
            "not_picked": [
                "Secret Technique",
                "HandOfGreed"
            ],
            "picked": "Impatience",
            "floor": 36
        },
        {
            "not_picked": [
                "Perfected Strike",
                "Corruption+1"
            ],
            "picked": "Flex",
            "floor": 37
        },
        {
            "not_picked": [
                "Whirlwind",
                "Ghostly Armor"
            ],
            "picked": "Flex",
            "floor": 38
        },
        {
            "not_picked": [
                "Bludgeon",
                "Dark Embrace",
                "Pommel Strike+1"
            ],
            "picked": "SKIP",
            "floor": 40
        },
        {
            "not_picked": [
                "Cleave+1",
                "Reaper"
            ],
            "picked": "Warcry+1",
            "floor": 41
        },
        {
            "not_picked": [
                "Evolve",
                "Power Through",
                "Searing Blow+1"
            ],
            "picked": "SKIP",
            "floor": 42
        },
        {
            "not_picked": [
                "Thunderclap+1",
                "Feel No Pain+1"
            ],
            "picked": "Warcry+1",
            "floor": 44
        },
        {
            "not_picked": [
                "Rampage+1",
                "Anger+1",
                "Shrug It Off"
            ],
            "picked": "SKIP",
            "floor": 45
        },
        {
            "not_picked": [
                "Carnage+1",
                "Twin Strike"
            ],
            "picked": "Inflame+1",
            "floor": 47
        },
        {
            "not_picked": [
                "Havoc+1",
                "Iron Wave+1"
            ],
            "picked": "Seeing Red+1",
            "floor": 48
        }
    ],
    "player_experience": 136655,
    "relics_obtained": [
        {
            "floor": 9,
            "key": "Oddly Smooth Stone"
        },
        {
            "floor": 10,
            "key": "Boot"
        },
        {
            "floor": 13,
            "key": "Turnip"
        },
        {
            "floor": 20,
            "key": "Red Mask"
        },
        {
            "floor": 24,
            "key": "Letter Opener"
        },
        {
            "floor": 26,
            "key": "Pen Nib"
        },
        {
            "floor": 29,
            "key": "Unceasing Top"
        },
        {
            "floor": 30,
            "key": "Centennial Puzzle"
        },
        {
            "floor": 38,
            "key": "Vajra"
        },
        {
            "floor": 40,
            "key": "Mummified Hand"
        },
        {
            "floor": 41,
            "key": "Smiling Mask"
        },
        {
            "floor": 42,
            "key": "Bag of Preparation"
        },
        {
            "floor": 43,
            "key": "Pantograph"
        },
        {
            "floor": 44,
            "key": "Shovel"
        },
        {
            "floor": 46,
            "key": "Pear"
        },
        {
            "floor": 47,
            "key": "Regal Pillow"
        },
        {
            "floor": 49,
            "key": "Whetstone"
        }
    ],
    "event_choices": [
        {
            "damage_healed": 0,
            "gold_gain": 0,
            "player_choice": "Take Damage",
            "damage_taken": 20,
            "relics_obtained": [
                "Golden Idol"
            ],
            "max_hp_gain": 0,
            "max_hp_loss": 0,
            "event_name": "Golden Idol",
            "floor": 2,
            "gold_loss": 0
        },
        {
            "cards_removed": [
                "Strike_R"
            ],
            "damage_healed": 0,
            "gold_gain": 0,
            "player_choice": "Card Removal",
            "damage_taken": 7,
            "max_hp_gain": 0,
            "max_hp_loss": 0,
            "event_name": "Golden Wing",
            "floor": 3,
            "gold_loss": 0
        },
        {
            "cards_removed": [
                "Strike_R"
            ],
            "damage_healed": 0,
            "gold_gain": 0,
            "player_choice": "Offered Basic",
            "damage_taken": 0,
            "max_hp_gain": 0,
            "max_hp_loss": 0,
            "event_name": "Bonfire Elementals",
            "floor": 4,
            "gold_loss": 0
        },
        {
            "damage_healed": 0,
            "gold_gain": 0,
            "player_choice": "Gave Idol",
            "damage_taken": 0,
            "relics_obtained": [
                "Bloody Idol"
            ],
            "max_hp_gain": 0,
            "max_hp_loss": 0,
            "event_name": "Forgotten Altar",
            "floor": 19,
            "relics_lost": [
                "Golden Idol"
            ],
            "gold_loss": 0
        },
        {
            "damage_healed": 0,
            "gold_gain": 0,
            "player_choice": "Fought Bandits",
            "damage_taken": 0,
            "max_hp_gain": 0,
            "max_hp_loss": 0,
            "event_name": "Masked Bandits",
            "floor": 20,
            "gold_loss": 0
        },
        {
            "damage_healed": 0,
            "gold_gain": 0,
            "player_choice": "Memory 3",
            "damage_taken": 10,
            "max_hp_gain": 0,
            "max_hp_loss": 0,
            "event_name": "SensoryStone",
            "floor": 36,
            "gold_loss": 0
        },
        {
            "damage_healed": 0,
            "gold_gain": 0,
            "player_choice": "Fight",
            "damage_taken": 0,
            "max_hp_gain": 0,
            "max_hp_loss": 0,
            "event_name": "Mysterious Sphere",
            "floor": 44,
            "gold_loss": 0
        }
    ],
    "is_beta": false,
    "boss_relics": [
        {
            "not_picked": [
                "Busted Crown",
                "Mark of Pain"
            ],
            "picked": "Orrery"
        },
        {
            "not_picked": [
                "Lizard Tail",
                "Tiny House"
            ],
            "picked": "Empty Cage"
        }
    ],
    "items_purged_floors": [
        5,
        21,
        22,
        31,
        39
    ],
    "is_endless": false,
    "potions_floor_spawned": [
        1,
        10,
        12,
        24,
        27,
        30,
        33,
        37,
        38,
        40,
        41
    ],
    "ascension_level": 0
}
